@book{yellow,
  author    = {Philippe Di Francesco, Pierre Mathieu, David Senechal},
  title     = {Conformal Field Theory},
  publisher = {Springer-Verlag, New York},
  year      = {1997},
}
