@article{PhysRevB.86.085145,
  title = {Doping a spin-orbit Mott insulator: Topological superconductivity from the Kitaev-Heisenberg model and possible application to (Na${}_{2}$/Li${}_{2}$)IrO${}_{3}$},
  author = {You, Yi-Zhuang and Kimchi, Itamar and Vishwanath, Ashvin},
  journal = {Phys. Rev. B},
  volume = {86},
  issue = {8},
  pages = {085145},
  numpages = {12},
  year = {2012},
  month = {Aug},
  publisher = {American Physical Society},
  doi = {10.1103/PhysRevB.86.085145},
  url = {https://link.aps.org/doi/10.1103/PhysRevB.86.085145}
}
@article{PhysRevB.82.144422,
  title = {Fermionic theory for quantum antiferromagnets with spin $S&gt;\frac{1}{2}$},
  author = {Liu, Zheng-Xin and Zhou, Yi and Ng, Tai-Kai},
  journal = {Phys. Rev. B},
  volume = {82},
  issue = {14},
  pages = {144422},
  numpages = {15},
  year = {2010},
  month = {Oct},
  publisher = {American Physical Society},
  doi = {10.1103/PhysRevB.82.144422},
  url = {https://link.aps.org/doi/10.1103/PhysRevB.82.144422}
}

@article{41467-022-31503-0,
	author = {Jin, Hui-Ke and Natori, W. M. H. and Pollmann, F. and Knolle, J.},
	date = {2022/07/02},
	date-added = {2025-05-23 23:05:31 +0900},
	date-modified = {2025-05-23 23:05:45 +0900},
	doi = {10.1038/s41467-022-31503-0},
	id = {Jin2022},
	isbn = {2041-1723},
	journal = {Nature Communications},
	number = {1},
	pages = {3813},
	title = {Unveiling the S=3/2 Kitaev honeycomb spin liquids},
	url = {https://doi.org/10.1038/s41467-022-31503-0},
	volume = {13},
	year = {2022},
	bdsk-url-1 = {https://doi.org/10.1038/s41467-022-31503-0}
}
@article{PhysRevB.108.075111,
  title = {Quantum liquids of the $S=\frac{3}{2}$ Kitaev honeycomb and related Kugel-Khomskii models},
  author = {Natori, W. M. H. and Jin, Hui-Ke and Knolle, J.},
  journal = {Phys. Rev. B},
  volume = {108},
  issue = {7},
  pages = {075111},
  numpages = {15},
  year = {2023},
  month = {Aug},
  publisher = {American Physical Society},
  doi = {10.1103/PhysRevB.108.075111},
  url = {https://link.aps.org/doi/10.1103/PhysRevB.108.075111}
}
@article{PhysRevB.102.075110,
  title = {Quadrupolar spin liquid, octupolar Kondo coupling, and odd-frequency superconductivity in an exactly solvable model},
  author = {de Farias, Carlene S. and de Carvalho, Vanuildo S. and Miranda, Eduardo and Pereira, Rodrigo G.},
  journal = {Phys. Rev. B},
  volume = {102},
  issue = {7},
  pages = {075110},
  numpages = {16},
  year = {2020},
  month = {Aug},
  publisher = {American Physical Society},
  doi = {10.1103/PhysRevB.102.075110},
  url = {https://link.aps.org/doi/10.1103/PhysRevB.102.075110}
}
